<record><leader>00000cas a22000007a 4500</leader><controlfield tag="001">10307676</controlfield><controlfield tag="008">840117d1883199umsudn ne      0   a0eng c</controlfield><controlfield tag="009">3770</controlfield><datafield ind1=" " ind2=" " tag="010"><subfield code="a">sn 84025709 </subfield></datafield><datafield ind1=" " ind2=" " tag="040"><subfield code="a">NPV</subfield><subfield code="b">eng</subfield><subfield code="c">NPV</subfield><subfield code="d">NSD</subfield><subfield code="d">PPM</subfield><subfield code="d">MSJ</subfield><subfield code="d">NSD</subfield><subfield code="d">KRTAS</subfield><subfield code="d">OCLCQ</subfield></datafield><datafield ind1=" " ind2=" " tag="012"><subfield code="j">0</subfield><subfield code="m">d</subfield></datafield><datafield ind1="1" ind2=" " tag="022"><subfield code="a">0884-8912</subfield><subfield code="l">0884-8912</subfield><subfield code="2">1</subfield></datafield><datafield ind1=" " ind2=" " tag="042"><subfield code="a">pcc</subfield><subfield code="a">nsdp</subfield></datafield><datafield ind1=" " ind2=" " tag="043"><subfield code="a">n-us-ms</subfield></datafield><datafield ind1=" " ind2=" " tag="045"><subfield code="a">w3--</subfield></datafield><datafield ind1=" " ind2=" " tag="052"><subfield code="a">3983</subfield><subfield code="b">W3</subfield></datafield><datafield ind1=" " ind2="0" tag="222"><subfield code="a">Vicksburg evening post</subfield></datafield><datafield ind1="0" ind2="0" tag="245"><subfield code="a">Vicksburg evening post.</subfield></datafield><datafield ind1="1" ind2="0" tag="246"><subfield code="a">Vicksburg Sunday post herald</subfield></datafield><datafield ind1="1" ind2="0" tag="246"><subfield code="a">Vicksburg Sunday post</subfield></datafield><datafield ind1=" " ind2=" " tag="260"><subfield code="a">Vicksburg, Miss. :</subfield><subfield code="b">J.G. Cashman &amp; Co.,</subfield><subfield code="c">1883-</subfield></datafield><datafield ind1=" " ind2=" " tag="300"><subfield code="a">v. :</subfield><subfield code="b">ill. ;</subfield><subfield code="c">48 cm.</subfield></datafield><datafield ind1=" " ind2=" " tag="310"><subfield code="a">Daily (except Sat. and Sun.)</subfield><subfield code="b">&lt;Aug. 16, 1985-&gt;</subfield></datafield><datafield ind1=" " ind2=" " tag="321"><subfield code="a">Daily (except Sun.)</subfield><subfield code="b">&lt;May 4, 1917-&gt;</subfield></datafield><datafield ind1="0" ind2=" " tag="362"><subfield code="a">Vol. 1, no. 1 (May 4, 1883)-</subfield></datafield><datafield ind1=" " ind2=" " tag="500"><subfield code="a">"Democratic." Cf. Ayer's, 1917.</subfield></datafield><datafield ind1=" " ind2=" " tag="500"><subfield code="a">Special "Centennial Edition" published May 1925.</subfield></datafield><datafield ind1=" " ind2=" " tag="500"><subfield code="a">Published on Sundays as: Vicksburg Sunday post herald, and: Vicksburg Sunday post.</subfield></datafield><datafield ind1=" " ind2=" " tag="752"><subfield code="a">United States</subfield><subfield code="b">Mississippi</subfield><subfield code="c">Warren</subfield><subfield code="d">Vicksburg.</subfield></datafield><datafield ind1="0" ind2="0" tag="785"><subfield code="t">Vicksburg post</subfield><subfield code="x">1086-9360</subfield><subfield code="w">(DLC)sn 96000054</subfield></datafield><datafield ind1=" " ind2=" " tag="936"><subfield code="a">Unknown</subfield><subfield code="a">Aug. 16, 1985</subfield></datafield><datafield ind1=" " ind2=" " tag="938"><subfield code="a">Kirtas Technologies, Inc.</subfield><subfield code="b">KRTS</subfield><subfield code="n">738043</subfield></datafield></record>